Extrato de: Ag: 2694 | Conta: 252458-9 | Entre 01/01/2021 e 31/01/2021
Data;Histórico;Docto.;Crédito (R$);Débito (R$);Saldo (R$);
30/12/20;SALDO ANTERIOR;;;;"21,00";
04/01/21; Resgate Inve;8312417;"6.365,00";;"6.386,00";
04/01/21; Transfe Pix;1132283;;"-185,00";
;Dest: Center Cimento Cal Araraq;;
04/01/21; Transfe Pix;1216221;;"-100,00";
;Dest: Center Cimento Cal Araraq;;
04/01/21; Transfe Pix;1239047;;"-2.600,00";
;Dest: Laercio Aparecido da Silva;;
04/01/21; Transfe Pix;1242470;;"-3.500,00";"1,00";
;Dest: Laercio Aparecido da Silva;;
05/01/21; Resgate Inve;8312417;"2.399,05";;"2.400,05";
05/01/21; Resgate Inve;8537816;"1.697,78";;
05/01/21; Pagto Cobranca;0000096;;"-3.916,83";
;Banco Inter;;
05/01/21; Transfe Pix;2045393;;"-90,00";
;Dest: Francisco Neves Neto;;
05/01/21; Transfe Pix;2047321;;"-90,00";"1,00";
;Dest: Francisco Neves Neto;;
07/01/21; Trans Sal p/c/c;0702694;"2.151,79";;"2.152,79";
;Bco:237 Age:02694 Cta:0042026-3;;
08/01/21; Ted-t Elet Disp;7254983;"64,39";;"2.217,18";
;Remet.liliane Bruna Joaqui;;
08/01/21; Pagto Cobranca;0000092;;"-99,90";
;Clig;;
08/01/21; Pagto Cobranca;0000095;;"-139,74";
;Allianz Seguros;;
08/01/21; Capitalizacao;0802694;;"-20,00";"1.957,54";
11/01/21; Ted-t Elet Disp;1263096;"0,10";;"1.957,64";
;Remet.caixa Economica Fede;;
11/01/21; Ted-t Elet Disp;1338334;"30,25";;
;Remet.caixa Economica Fede;;
11/01/21; Ted-t Elet Disp;1421978;"1.779,50";;
;Remet.caixa Economica Fede;;
11/01/21; Pgto Elet Trib;6950007;;"-298,04";
;Bradesco C-p.m Araraquara/sp;;
11/01/21; Gasto c Credito;3990011;;"-795,63";
11/01/21; Conta Telefone;1293184;;"-43,54";
;Claro Movel-112931844;;
11/01/21; Conta Telefone;3820980;;"-44,99";"2.585,19";
;Claro Movel-138209808;;
12/01/21; Ted-t Elet Disp;4589748;"3.237,07";;"5.822,26";
;Remet.digital Soft Desenvo;;
12/01/21; Transfe Pix;1850340;"45,00";;
;Remt: Laercio Aparecido da Silva;;
12/01/21; Pagto Cobranca;0000098;;"-1.272,75";
;Nubank Bruna;;
12/01/21; Tr.aut.c/c/poup;1717258;;"-688,00";
;Franciela Donizete Cicola;;
12/01/21; Pgto Elet Trib;1212940;;"-1.070,11";
;Celular Lic Elet Ehe7842;;
12/01/21; Pgto Elet Trib;1213466;;"-59,32";
;Celular Lic Elet Dtk4184;;
12/01/21; Transfe Pix;0739081;;"-420,00";"2.357,08";
;Dest: Center Cimento Cal Araraq;;
13/01/21; Conta Luz;9303567;;"-193,10";"2.163,98";
;Cpfl Paulista F.luz-93035670;;
15/01/21; Resgate Inve;8537816;"3.072,94";;"5.236,92";
15/01/21; Transfe Pix;2056209;"15,00";;
;Remt: Pizzaria Fellas Ltda me;;
15/01/21; Pagto Cobranca;0000097;;"-857,39";
;Fatura Nubank;;
15/01/21; Transfe Pix;0805171;;"-560,00";
;Dest: Center Cimento Cal Araraq;;
15/01/21; Transfe Pix;1434112;;"-250,00";
;Dest: Fernanda da Silva Trevizan;;
15/01/21; Transfe Pix;2018241;;"-3.500,00";
;Dest: Laercio Aparecido da Silva;;
15/01/21; Conta Agua/esgo;6981122;;"-53,85";
;Bradesco C-daae-araraquara/sp;;
15/01/21; Conta Agua/esgo;6981231;;"-29,68";"1,00";
;Bradesco C-dae-americo Bras/sp;;
19/01/21; Resgate Inve;8537816;"275,19";;"276,19";
19/01/21; Resgate Inve;8804438;"104,81";;
19/01/21; Transfe Pix;1544285;;"-380,00";"1,00";
;Dest: Maq3 Araraquara Aluguel e;;
20/01/21; Transfe Pix;1333048;"9.208,90";;"9.209,90";
;Remt: Digital Soft Desenvolvimen;;
20/01/21; Pagto Cobranca;0000093;;"-170,00";"9.039,90";
;Condominio Marialice;;
21/01/21; Transfe Pix;0805229;;"-336,00";"8.703,90";
;Dest: Center Cimento Cal Araraq;;
22/01/21; Transfe Pix;2130421;;"-36,00";"8.667,90";
;Dest: Sabrina Oliveira Miranda;;
25/01/21; Ted Devolvida*;3530911;"3.700,00";;"12.367,90";
;05-divergencia na Titularidade;;
25/01/21; Ted Dif.titul;3660295;;"-3.700,00";
;Dest. Residence Esquadrias;;
25/01/21; Ted d Hbank*;3530911;;"-3.700,00";
;Dest. Liliane Bruna Joaqui;;
25/01/21; Visa Electron;0698149;;"-29,00";
;Comercial de Lucca;;
25/01/21; Visa Electron;0830593;;"-146,00";
;Comercial de Lucca;;
25/01/21; Transfe Pix;1359016;;"-20,00";"4.772,90";
;Dest: Emerson Donizete Christova;;
26/01/21; Transfe Pix;1134049;;"-150,00";"4.622,90";
;Dest: Transterra - Transportes e;;
28/01/21; Transfe Pix;1938542;"65,00";;"4.687,90";
;Remt: Francisco Neves Neto;;
28/01/21; Transfe Pix;0731308;;"-280,00";"4.407,90";
;Dest: Center Cimento Cal Araraq;;
;Total;;"34.211,77";"-29.824,87";"4.407,90"
Os dados acima têm como base 22/08/2021 às 23h42 e estão sujeitos a alterações.

Últimos Lançamentos
Data;Histórico;Docto.;Crédito (R$);Débito (R$);
17/08/21;SALDO ANTERIOR;;;;
20/08/21; Transferencia Pix;1404002;"7.480,00";;
;Remt: Digital Soft Desenvolvimen;;
20/08/21; Pagto Eletron  Cobranca;0000254;;"-154,00";
;Condominio Marialice;;
20/08/21; Pagto Eletron  Cobranca;0000257;;"-330,53";
;Porto Seguro Cia de Seguros Gera;;
20/08/21; Transferencia Pix;1431324;;"-17,50";
;Dest: Vera Lucia Rodrigues;;
;Total;;"7.480,00";"-502,03"


Extrato de: Ag: 7255 | Conta: 2458-9 | Entre 01/01/2021 e 31/01/2021
Data;Histórico;Docto.;Crédito (R$);Débito (R$);Saldo (R$);
Os dados acima têm como base 22/08/2021 às 23h42 e estão sujeitos a alterações.


